% formation
@article{stacey2015passivity,
  title={A passivity-based approach to formation control using partial measurements of relative position},
  author={Stacey, Geoff and Mahony, Robert},
  journal={IEEE Transactions on Automatic Control},
  volume={61},
  number={2},
  pages={538--543},
  year={2015},
  publisher={IEEE}
}

@inproceedings{desai1999control,
  title={Control of changes in formation for a team of mobile robots},
  author={Desai, Jaydev P and Kumar, Vijay and Ostrowski, James P},
  booktitle={Proceedings 1999 IEEE International Conference on Robotics and Automation (Cat. No. 99CH36288C)},
  volume={2},
  pages={1556--1561},
  year={1999},
  organization={IEEE}
}

@article{spanogianopoulos2017fast,
  title={Fast formation of swarm of UAVs in congested urban environment},
  author={Spanogianopoulos, Sotirios and Zhang, Qian and Spurgeon, Sarah},
  journal={IFAC-PapersOnLine},
  volume={50},
  number={1},
  pages={8031--8036},
  year={2017},
  publisher={Elsevier}
}

@article{desai2002modeling,
  title={Modeling and control of formations of nonholonomic mobile robots},
  author={Desai, Jaydev P and Ostrowski, James P and Kumar, Vijay},
  journal={IEEE transactions on Robotics and Automation},
  volume={17},
  number={6},
  pages={905--908},
  year={2002},
  publisher={IEEE}
}

@article{kushleyev2013towards,
  title={Towards a swarm of agile micro quadrotors},
  author={Kushleyev, Alex and Mellinger, Daniel and Powers, Caitlin and Kumar, Vijay},
  journal={Autonomous Robots},
  volume={35},
  number={4},
  pages={287--300},
  year={2013},
  publisher={Springer}
}

% path planning

@article{quan2020survey,
  title={Survey of UAV motion planning},
  author={Quan, Lun and Han, Luxin and Zhou, Boyu and Shen, Shaojie and Gao, Fei},
  journal={IET Cyber-systems and Robotics},
  volume={2},
  number={1},
  pages={14--21},
  year={2020},
  publisher={Wiley Online Library}
}

@article{zhou2022swarm,
  title={Swarm of micro flying robots in the wild},
  author={Zhou, Xin and Wen, Xiangyong and Wang, Zhepei and Gao, Yuman and Li, Haojia and Wang, Qianhao and Yang, Tiankai and Lu, Haojian and Cao, Yanjun and Xu, Chao and others},
  journal={Science Robotics},
  volume={7},
  number={66},
  pages={eabm5954},
  year={2022},
  publisher={American Association for the Advancement of Science}
}

@inproceedings{han2019fiesta,
  title={Fiesta: Fast incremental euclidean distance fields for online motion planning of aerial robots},
  author={Han, Luxin and Gao, Fei and Zhou, Boyu and Shen, Shaojie},
  booktitle={2019 IEEE/RSJ International Conference on Intelligent Robots and Systems (IROS)},
  pages={4423--4430},
  year={2019},
  organization={IEEE}
}

@article{wang2022geometrically,
  title={Geometrically constrained trajectory optimization for multicopters},
  author={Wang, Zhepei and Zhou, Xin and Xu, Chao and Gao, Fei},
  journal={IEEE Transactions on Robotics},
  volume={38},
  number={5},
  pages={3259--3278},
  year={2022},
  publisher={IEEE}
}

@article{wang2025unlocking,
  title={Unlocking aerobatic potential of quadcopters: Autonomous freestyle flight generation and execution},
  author={Wang, Mingyang and Wang, Qianhao and Wang, Ze and Gao, Yuman and Wang, Jingping and Cui, Can and Li, Yuan and Ding, Ziming and Wang, Kaiwei and Xu, Chao and others},
  journal={Science Robotics},
  volume={10},
  number={101},
  pages={eadp9905},
  year={2025},
  publisher={American Association for the Advancement of Science}
}

% assignment

@article{rm2020review,
  title={Review on state-of-the-art dynamic task allocation strategies for multiple-robot systems},
  author={RM, Kuppan Chetty and MM, Ramya and Janardhanan, Mukund Nilakantan and others},
  journal={Industrial Robot: the international journal of robotics research and application},
  volume={47},
  number={6},
  pages={929--942},
  year={2020},
  publisher={Emerald Publishing}
}

@article{burger2012distributed,
  title={A distributed simplex algorithm for degenerate linear programs and multi-agent assignments},
  author={B{\"u}rger, Mathias and Notarstefano, Giuseppe and Bullo, Francesco and Allg{\"o}wer, Frank},
  journal={Automatica},
  volume={48},
  number={9},
  pages={2298--2304},
  year={2012},
  publisher={Elsevier}
}

@article{chopra2017distributed,
  title={A distributed version of the hungarian method for multirobot assignment},
  author={Chopra, Smriti and Notarstefano, Giuseppe and Rice, Matthew and Egerstedt, Magnus},
  journal={IEEE Transactions on Robotics},
  volume={33},
  number={4},
  pages={932--947},
  year={2017},
  publisher={IEEE}
}

@inproceedings{akella2020assignment,
  title={Assignment algorithms for variable robot formations},
  author={Akella, Srinivas},
  booktitle={Algorithmic Foundations of Robotics XII: Proceedings of the Twelfth Workshop on the Algorithmic Foundations of Robotics},
  pages={912--927},
  year={2020},
  organization={Springer}
}

@article{li2019decentralized,
  title={Decentralized progressive shape formation with robot swarms},
  author={Li, Guannan and St-Onge, David and Pinciroli, Carlo and Gasparri, Andrea and Garone, Emanuele and Beltrame, Giovanni},
  journal={Autonomous Robots},
  volume={43},
  number={6},
  pages={1505--1521},
  year={2019},
  publisher={Springer}
}

@inproceedings{zavlanos2007distributed,
  title={Distributed formation control with permutation symmetries},
  author={Zavlanos, Michael M and Pappas, George J},
  booktitle={2007 46th ieee conference on decision and control},
  pages={2894--2899},
  year={2007},
  organization={IEEE}
}

@inproceedings{alonso2016distributed,
  title={Distributed multi-robot formation control among obstacles: A geometric and optimization approach with consensus},
  author={Alonso-Mora, Javier and Montijano, Eduardo and Schwager, Mac and Rus, Daniela},
  booktitle={2016 IEEE international conference on robotics and automation (ICRA)},
  pages={5356--5363},
  year={2016},
  organization={IEEE}
}

@inproceedings{michael2008distributed,
  title={Distributed multi-robot task assignment and formation control},
  author={Michael, Nathan and Zavlanos, Michael M and Kumar, Vijay and Pappas, George J},
  booktitle={2008 IEEE International Conference on Robotics and Automation},
  pages={128--133},
  year={2008},
  organization={IEEE}
}

@incollection{kambayashi2018distributed,
  title={Distributed Swarm Formation Using Mobile Agents},
  author={Kambayashi, Yasushi and Oikawa, Ryotaro and Takimoto, Munehiro},
  booktitle={Multi-Agent Systems-Control Spectrum},
  year={2018},
  publisher={IntechOpen}
}

@inproceedings{montijano2014efficient,
  title={Efficient multi-robot formations using distributed optimization},
  author={Montijano, Eduardo and Mosteo, Alejandro R},
  booktitle={53rd IEEE Conference on Decision and Control},
  pages={6167--6172},
  year={2014},
  organization={IEEE}
}

@article{mosteo2017optimal,
  title={Optimal role and position assignment in multi-robot freely reachable formations},
  author={Mosteo, Alejandro R and Montijano, Eduardo and Tardioli, Danilo},
  journal={Automatica},
  volume={81},
  pages={305--313},
  year={2017},
  publisher={Elsevier}
}

@inproceedings{macalpine2015scram,
  title={SCRAM: Scalable collision-avoiding role assignment with minimal-makespan for formational positioning},
  author={MacAlpine, Patrick and Price, Eric and Stone, Peter},
  booktitle={Proceedings of the AAAI Conference on Artificial Intelligence},
  volume={29},
  number={1},
  year={2015}
}

@article{wang2020shape,
  title={Shape formation in homogeneous swarms using local task swapping},
  author={Wang, Hanlin and Rubenstein, Michael},
  journal={IEEE Transactions on Robotics},
  volume={36},
  number={3},
  pages={597--612},
  year={2020},
  publisher={IEEE}
}

@inproceedings{agarwal2018simultaneous,
  title={Simultaneous optimization of assignments and goal formations for multiple robots},
  author={Agarwal, Saurav and Akella, Srinivas},
  booktitle={2018 IEEE international conference on robotics and automation (ICRA)},
  pages={6708--6715},
  year={2018},
  organization={IEEE}
}

@article{ravichandar2020strata,
  title={STRATA: unified framework for task assignments in large teams of heterogeneous agents},
  author={Ravichandar, Harish and Shaw, Kenneth and Chernova, Sonia},
  journal={Autonomous Agents and Multi-Agent Systems},
  volume={34},
  number={2},
  pages={38},
  year={2020},
  publisher={Springer}
}